@article{paper3,
  author =	 {Lai C. and Gong L. and  Koved L. and Nadalin A. and Schemers R. and Joe Kaplenk},
  title =	 {User authentication and authorization in the Java\texttrademark platform},
  journal =	 {Computer Security Applications Conference, 1999. (ACSAC '99) Proceedings. 15th Annual},
  isbn =	 {0-7695-0346-2},
  pages =	 6,
  year =	 1999,
  address =	 {SunMicrosyst. Ine., USA},
}

@article{paper2,
  author =	 {Karjoth, G.},
  title =	 {An operational semantics of Java 2 access control},
  journal =	 {Computer Security Foundations Workshop, 2000. CSFW-13. Proceedings. 13th IEEE},
  isbn =	 {0-7695-0671-2},
  pages =	 6,
  year =	 2000,
  address =	 {IBM Res. Div., Zurich, Switzerland},
}

@article{paper1,
  author =	 {Nakajima, S. and Tamai, T.},
  title =	 {Formal specification and analysis of JAAS framework},
  journal =	 {In Proceedings of the 2006 International Workshop on Software Engineering for Secure Systems},
  year =	 2006,
  address =	 {ACM},
}
