@article{paper1,
	author = {Karjoth, G.},
	title = {An operational semantics of Java 2 access control},
	journal = {Computer Security Foundations Workshop, 2000. CSFW-13. Proceedings. 13th IEEE},
	year = 2000,
	isbn = {0-7695-0671-2},
}

@article{paper2,
	author = {Pinagapani Sathish   and Xu Dianxiang  and Kong Jun},
	title = {A Comparative Study of Access Control Languages},
	journal = {Secure Software Integration and Reliability Improvement, 2009. SSIRI 2009. Third IEEE International Conference on},
	year = 2009,
	isbn = {978-0-7695-3758-0},
}

@article{paper3,
	author = {Tonti G. and  Montanari R. and  Bradshaw J.M. and  Bunch L. and  Jeffers R. and  Suri N. and  Uszok A. },
	title = {Automated generation of enforcement mechanisms for semantically-rich security policies in Java-based multi-agent systems},
	journal = {Multi-Agent Security and Survivability, 2004 IEEE First Symposium on},
	year = 2004,
	isbn = {0-7803-8799-6},
}

@article{paper4,
	author = {Lai C. and  Gong L. and  Koved L. and   Nadalin A. and  Schemers R.},
	title = {User authentication and authorization in the JavaTM platform},	
	journal = {Computer Security Applications Conference, 1999. (ACSAC '99) Proceedings. 15th Annual},
	year = 1999,
	isbn = {0-7695-0346-2},
}
