@Misc{CSRG,
  key = {CSRG},
  title =        {Computer Science Research Group UTFSM},
  howpublished = {\url{http://csrg.inf.utfsm.cl}}
}
@Misc{JBoss,
  key = {JBOSS},
  title =        {JBoss},
  howpublished = {\url{http://www.jboss.org/}}
}
@Misc{Java,
  key = {Java},
  title =        {Java},
  howpublished = {\url{http://www.java.com/}}
}
@Misc{OpenLDAP,
  key = {OpenLDAP},
  title =        {OpenLDAP},
  howpublished = {\url{http://www.openldap.org/}}
}
@Misc{JAAS,
  key = {JAAS},
  title =        {JAAS},
  howpublished = {\url{http://java.sun.com/javase/6/docs/technotes/guides/security/jaas/JAASRefGuide.html}}
}
